% This BibTeX bibliography file was created using BibDesk.
% http://bibdesk.sourceforge.net/
% Saved with string encoding Unicode (UTF-8)

@online{ros-website,
	date = {2020-10-06},
	title = {Robot Operating System},
	url = {https://www.ros.org/},
	urldate = {2020-10-06}
}

@book{prob-robotics,
	author = {Thrun, Sebastian and Burgard, Wolfram and Fox, Dieter},
	isbn = {978-0-262-20162-9},
	publisher = {The MIT Press},
	series = {Intelligent robotics and autonomous agents},
	title = {Probabilistic Robotics},
	year = {2006}
}

@book{intro-robotics,
	author = {Choset, Howie and others},
	editor = {Arkin, Ronald C.},
	isbn = {9780262033275},
	publisher = {The MIT Press},
	series = {Intelligent Robotics and Autonomous Agents},
	title = {Principles of robot motion: theory, algorithms, and implementation},
	year = {2005}
}

@article{kalman,
	author = {Kalman, R. E.},
	doi = {10.1115/1.3662552},
	issn = {0021-9223},
	journal = {Journal of Basic Engineering},
	month = {03},
	number = {1},
	pages = {35--45},
	title = {A New Approach to Linear Filtering and Prediction Problems},
	volume = {82},
	year = {1960}
}

@book{intro-aut-mobile-robots,
	author = {Siegwart, Roland and Nourbakhsh, Illah R. and Scaramuzza, Davide},
	edition = {2nd},
	editor = {Arkin, Ronald C.},
	isbn = {978-0-262-01535-6},
	publisher = {The MIT Press},
	series = {Intelligent robotics and autonomous agents},
	title = {Introduction to autonomous mobile robots},
	year = {2004}
}

@book{slam-auto-mob-robots,
	author = {Castellanos, Jos{\'e} A. and Neira, Jos{\'e} and Tard{\'o}s, Juan D.},
	chapter = {9},
	editor = {LEWIS, FRANK L.},
	isbn = {978-0-8493-3748-2},
	publisher = {CRC Press},
	title = {Autonomous Mobile Robots: Sensing, Control, Decision Making and Applications},
	year = {2006}
}

@book{correl-auto-robots,
	author = {Correl, Nikolaus},
	chapter = {11},
	isbn = {978-0692700877},
	publisher = {Magellan Scientific},
	title = {Introduction to Autonomous Robots},
	year = {2020}
}

@online{mavlink,
	date = {2020-10-06},
	title = {MAVLink},
	url = {https://mavlink.io/en/},
	urldate = {2020-10-06}
}

@online{mavros,
	date = {2020-10-06},
	title = {MAVROS},
	url = {https://github.com/mavlink/mavros},
	urldate = {2020-10-06}
}

@techreport{blanco2008,
	author = {Blanco, J.L.},
	institution = {University of Malaga},
	title = {Derivation and implementation of a full 6D EKF-based solution to bearing-range SLAM},
	year = {2008}
}

@book{petercorke,
	author = {Corke, Peter},
	editor = {Siciliano, Bruno and Khatib, Oussama},
	isbn = {978-3-319-54412-0},
	issn = {1610-7438},
	journal = {Springer Tracts in Advanced Robotics},
	publisher = {Springer},
	title = {Robotics, Vision and Control},
	volume = {118},
	year = {2017}
}

@book{bona-dynamic-modelling,
	author = {Bona, Basilio},
	isbn = {8867890115},
	publisher = {CELID},
	title = {Dynamic Modelling of mechatronic systems},
	year = {2018}
}

@article{rtabmap-paper,
	author = {Labb{\'e}, Mathieu and Michaud, Francois},
	doi = {10.1002/rob.21831},
	journal = {Journal of Field Robotics},
	pages = {1--31},
	title = {RTAB-Map as an Open-Source Lidar and Visual SLAM Library for Large-Scale and Long-Term Online Operation},
	year = {2018}
}

@article{octomap-paper,
	author = {Hornung, Armin and Wurm, Kai M. and Bennewitz, Maren and Stachniss, Cyrill and Burgard, Wolfram},
	doi = {10.1007/s10514-012-9321-0},
	journal = {Autonomous Robots},
	note = {Software available at \url{http://octomap.github.com}},
	title = {OctoMap: An Efficient Probabilistic 3D Mapping Framework Based on Octrees},
	year = 2013
}

@unpublished{rtabmap-presentation,
	author = {Labb{\'e}, Mathieu},
	institution = {Universit{\'e} Laval},
	location = {Qu{\'e}bec},
	month = {11},
	title = {Simultaneous Localization and Mapping (SLAM) with RTAB-Map},
	url = {https://introlab.3it.usherbrooke.ca/mediawiki-introlab/images/3/31/Labbe2015ULaval.pdf},
	year = {2015}
}

@online{hauser-robotics-systems,
	author = {Hauser, Kris},
	chapter = {4},
	school = {Duke University},
	title = {Robotic Systems},
	url = {http://motion.pratt.duke.edu/RoboticSystems},
	year = {2018}
}

@article{visp-paper,
	author = {Marchand, E. and Spindler, F. and Chaumette, F.},
	journal = {IEEE Robotics and Automation Magazine},
	month = {December},
	number = {4},
	pages = {40--52},
	publisher = {IEEE},
	title = {ViSP for visual servoing: a generic software platform with a wide class of robot control skills},
	volume = {12},
	year = {2005}
}

@online{polibri-github,
	author = {Rogi, Gabriele and Matteucci, Matteo and Avila, Diego},
	title = {POLIBRI},
	url = {https://github.com/AIRLab-POLIMI/POLIBRI}
}

@misc{abi-report,
	organization = {ABI Research},
	publisher = {ABI Research},
	title = {State of the robotics market},
	url = {https://go.abiresearch.com/lp-state-of-the-robotics-market},
	year = {2019}
}

@misc{eu-robotics-covid,
	month = {04},
	organization = {euRobotics},
	publisher = {euRobotics},
	title = {10 ways robots fight against the COVID-19 pandemic},
	url = {https://www.eu-robotics.net/eurobotics/newsroom/press/robots-against-covid-19.html},
	year = {2020}
}

@misc{leonardo-drone-contest,
	organization = {Leonardo},
	publisher = {Leonardo},
	title = {Open Innovation - Leonardo Drone Contest},
	url = {https://www.leonardocompany.com/en/innovation/open-innovation/drone-contest}
}

