% This BibTeX bibliography file was created using BibDesk.
% http://bibdesk.sourceforge.net/
% Saved with string encoding Unicode (UTF-8)

@online{ros-website,
	date = {2020-10-06},
	title = {Robot Operating System},
	url = {https://www.ros.org/},
	urldate = {2020-10-06}
}

@book{prob-robotics,
	author = {Thrun, Sebastian and Burgard, Wolfram and Fox, Dieter},
	isbn = {978-0-262-20162-9},
	publisher = {The MIT Press},
	series = {Intelligent robotics and autonomous agents},
	title = {Probabilistic Robotics},
	year = {2006}
}

