@article{Bailey1,
	author={T. {Bailey} and H. {Durrant-Whyte}},
	journal={IEEE Robotics Automation Magazine},
	title={Simultaneous localization and mapping (SLAM): part II},
	year={2006},
	volume={13},
	number={3},
	pages={108-117},
}

@techreport{
    6dofekfslamBlanco,
    title={Derivation and implementation of a full 6D EKF-based solution to bearing-range SLAM},
    author={Blanco, J.L.},
    year={2008},
    institution={University of Malaga}
}

@article{2,
    author={H. {Durrant-Whyte} and T. {Bailey}},
    journal={IEEE Robotics Automation Magazine},
    title={Simultaneous localization and mapping: part I},
    year={2006},
    volume={13},
    number={2},
    pages={99-110}
}

@book{3,
    author = {Thrun, Sebastian and Burgard, Wolfram and Fox, Dieter},
    title = {Probabilistic Robotics (Intelligent Robotics and Autonomous Agents)},
    year = {2005},
    isbn = {0262201623},
    publisher = {The MIT Press}
}


@inproceedings{4,
    author={A. {Alaimo} and V. {Artale} and C. {Milazzo} and A. {Ricciardello} and L. {Trefiletti}},
    booktitle={2013 International Conference on Unmanned Aircraft Systems (ICUAS)},
    title={Mathematical modeling and control of a hexacopter},
    year={2013},
    volume={},
    number={},
    pages={1043-1050},}

@article{5,
    title={Quaternion-based EKF-SLAM from relative pose measurements: observability analysis and applications},
    volume={33},
    DOI={10.1017/S0263574714000678},
    number={6},
    journal={Robotica},
    publisher={Cambridge University Press},
    author={Carlone, Luca and Macchia, Vito and Tibaldi, Federico and Bona, Basilio},
    year={2015},
    pages={1250â€“1280}}

@INPROCEEDINGS{6,
    author={E. {Fresk} and G. {Nikolakopoulos}},
    booktitle={2013 European Control Conference (ECC)},
    title={Full quaternion based attitude control for a quadrotor},
    year={2013},
    volume={},
    number={},
    pages={3864-3869},}

@online{7,
    title={Quadcopter Dynamics and Simulation},
    url={https://andrew.gibiansky.com/blog/physics/quadcopter-dynamics/},
    author={Gibiansky, Andrew},
    year={2012}
}

@article{8,
    author = {Artale, V. and Ricciardello, Angela and Milazzo, C.},
    year = {2015},
    month = {01},
    pages = {},
    title = {A quaternion-based simulation of multirotor dynamics},
    volume = {06},
    journal = {International Journal of Modeling, Simulation, and Scientific Computing},
    doi = {10.1142/S1793962315500099}
}

@online{blancoMRPT,
    title={ROS MRPT Navigation Package},
    author={Blanco, J.L. and Bader, M.},
    url={http://wiki.ros.org/mrpt_navigation?distro=melodic},
    journal={ros.org}
 }
@online{10, title={Pose EKF-SLAM ROS package}, url={http://wiki.ros.org/pose_ekf_slam}, journal={ros.org}}
@online{11, title={EKF-SLAM implementation}, url={https://github.com/dno89/SLAM}, journal={GitHub}, author={dno89}}
@online{12,
  title = {Modeling Vehicle Dynamics - Euler Angles},
  date = {2020-04-26},
  url = {https://charlestytler.com/modeling-vehicle-dynamics-euler-angles/},
  urldate = {2020-04-26}
}
@online{ctytler,
  title = {Modeling Vehicle Dynamics - Quadcopter Equations of Motion},
  date = {2020-04-26},
  author={Charles Tytler},
  url = {https://charlestytler.com/quadcopter-equations-motion/},
  urldate = {2020-04-26}
}

@misc{14,
title={Exploiting the gyroscope to update tilt measure and e-compass},
author={Vitali, A.},
url={https://www.st.com/resource/en/design_tip/dm00286303-exploiting-the-gyroscope-to-update-tilt-measure-and-ecompass-stmicroelectronics.pdf},
journal={ST Microelectronics}

}